@misc{such2019generative,
      title={Generative Teaching Networks: Accelerating Neural Architecture Search by Learning to Generate Synthetic Training Data}, 
      author={Felipe Petroski Such and Aditya Rawal and Joel Lehman and Kenneth O. Stanley and Jeff Clune},
      year={2019},
      eprint={1912.07768},
      archivePrefix={arXiv},
      primaryClass={cs.LG}
}

@misc{zhang2019theoretically,
      title={Theoretically Principled Trade-off between Robustness and Accuracy}, 
      author={Hongyang Zhang and Yaodong Yu and Jiantao Jiao and Eric P. Xing and Laurent El Ghaoui and Michael I. Jordan},
      year={2019},
      eprint={1901.08573},
      archivePrefix={arXiv},
      primaryClass={cs.LG}
}

@misc{carlini2017evaluating,
      title={Towards Evaluating the Robustness of Neural Networks}, 
      author={Nicholas Carlini and David Wagner},
      year={2017},
      eprint={1608.04644},
      archivePrefix={arXiv},
      primaryClass={cs.CR}
}